<?xml version="1.0" encoding="UTF-8"?><collection xmlns="http://www.loc.gov/MARC21/slim"><record><leader>00488nam--2200181-i-4500</leader><controlfield tag="001">000040323</controlfield><controlfield tag="002">20161230</controlfield><controlfield tag="005">20161230201042</controlfield><controlfield tag="008">060222s1000------------r-----000-0-eng-d</controlfield><datafield ind1=" " ind2=" " tag="040"><subfield code="a">IFIN-HH</subfield></datafield><datafield ind1=" " ind2=" " tag="080"><subfield code="a">801.7:804.0</subfield></datafield><datafield ind1="1" ind2=" " tag="100"><subfield code="a">Saras,Marcel</subfield></datafield><datafield ind1="1" ind2="0" tag="245"><subfield code="a">Limba franceza</subfield><subfield code="b">Curs practic vol. iii</subfield><subfield code="c">Marcel saras, mihai stefanescu</subfield></datafield><datafield ind1=" " ind2=" " tag="260"><subfield code="a">Bucuresti</subfield><subfield code="b">Editura Stiintifica</subfield><subfield code="c">1971</subfield></datafield><datafield ind1=" " ind2=" " tag="300"><subfield code="a">366 P</subfield></datafield><datafield ind1="1" ind2=" " tag="700"><subfield code="a">Stefanescu, Mihai</subfield></datafield><datafield ind1=" " ind2=" " tag="852"><subfield code="a">34189</subfield><subfield code="c">4</subfield></datafield><datafield ind1=" " ind2=" " tag="CAT"><subfield code="a">Sys</subfield><subfield code="c">20130131</subfield><subfield code="h">143043</subfield></datafield></record></collection>